
@inproceedings{r4,
	title = {On the use of test smells for prediction of flaky tests},
	url = {http://arxiv.org/abs/2108.11781},
	doi = {10.1145/3482909.3482916},
	urldate = {2023-04-10},
	booktitle = {Brazilian {Symposium} on {Systematic} and {Automated} {Software} {Testing}},
	author = {Camara, B. H. P. and Silva, M. A. G. and Endo, A. T. and Vergilio, S. R.},
	month = sep,
	year = {2021},
	note = {arXiv:2108.11781 [cs]},
	keywords = {Computer Science - Software Engineering, Computer Science - Machine Learning},
	pages = {46--54},
}



@inproceedings{r2,
	title = {{FlakeFlagger}: {Predicting} {Flakiness} {Without} {Rerunning} {Tests}},
	shorttitle = {{FlakeFlagger}},
	doi = {10.1109/ICSE43902.2021.00140},
	booktitle = {2021 {IEEE}/{ACM} 43rd {International} {Conference} on {Software} {Engineering} ({ICSE})},
	author = {Alshammari, Abdulrahman and Morris, Christopher and Hilton, Michael and Bell, Jonathan},
	month = May,
	year = {2021},
	note = {ISSN: 1558-1225},
	keywords = {Computer bugs, Detectors, Testing, Software engineering, regression testing, flaky tests, reliability},
	pages = {1572--1584},
}

@inproceedings{r3,
  author={Bell, Jonathan and Legunsen, Owolabi and Hilton, Michael and Eloussi, Lamyaa and Yung, Tifany and Marinov, Darko},
  booktitle={2018 IEEE/ACM 40th International Conference on Software Engineering (ICSE)}, 
  title={DeFlaker: Automatically Detecting Flaky Tests}, 
  year={2018},
  volume={},
  number={},
  pages={433-444},
  doi={10.1145/3180155.3180164}}

@inproceedings{r1,
  title={An evaluation of machine learning methods for predicting flaky tests},
  author={Ahmad, Azeem},
  booktitle={27th Asia-Pacific Software Engineering Conference (APSEC 2020) Singapore (virtual), December 1, 2020.},
  year={2020}
}

@inproceedings{r5,
author = {Camara, Bruno and Silva, Marco and Endo, Andre and Vergilio, Silvia},
title = {On the Use of Test Smells for Prediction of Flaky Tests},
year = {2021},
isbn = {9781450385039},
publisher = {Association for Computing Machinery},
address = {New York, NY, USA},
url = {https://doi.org/10.1145/3482909.3482916},
doi = {10.1145/3482909.3482916},
booktitle = {Proceedings of the 6th Brazilian Symposium on Systematic and Automated Software Testing},
pages = {46–54},
numpages = {9},
keywords = {test smells, machine learning, regression testing, test flakiness},
location = {Joinville, Brazil},
series = {SAST '21}
}

@inproceedings{r6,
author = {Peruma, Anthony and Almalki, Khalid and Newman, Christian D. and Mkaouer, Mohamed Wiem and Ouni, Ali and Palomba, Fabio},
title = {TsDetect: An Open Source Test Smells Detection Tool},
year = {2020},
isbn = {9781450370431},
publisher = {Association for Computing Machinery},
address = {New York, NY, USA},
url = {https://doi.org/10.1145/3368089.3417921},
doi = {10.1145/3368089.3417921},
booktitle = {Proceedings of the 28th ACM Joint Meeting on European Software Engineering Conference and Symposium on the Foundations of Software Engineering},
pages = {1650–1654},
numpages = {5},
keywords = {Software Quality, Detection Tool, Test Smells},
location = {Virtual Event, USA},
series = {ESEC/FSE 2020}
}