@misc{r1,
  author={Camara, Bruno & Graciotto Silva, Marco Aur√©lio & Endo, Andre & Vergilio, Silvia.},
  title={On the use of test smells for prediction of flaky tests}, 
  year={2021},
  volume={},
  number={},
  pages={46-54},
  doi={10.1145/3482909.3482916.}}
